<?xml version="1.0" encoding="UTF-8"?><collection xmlns="http://www.loc.gov/MARC21/slim"><record><leader>00565nam--2200205-i-4500</leader><controlfield tag="001">000015266</controlfield><controlfield tag="002">20161230</controlfield><controlfield tag="005">20161230201031</controlfield><controlfield tag="008">060222s1000------------r-----000-0-eng-d</controlfield><datafield ind1=" " ind2=" " tag="040"><subfield code="a">IFIN-HH</subfield></datafield><datafield ind1=" " ind2=" " tag="080"><subfield code="a">539.19:539.18(082.1)</subfield></datafield><datafield ind1="1" ind2=" " tag="100"><subfield code="a">Bates, D.R</subfield></datafield><datafield ind1="1" ind2="0" tag="245"><subfield code="a">Advances in atomic and molecular physics</subfield><subfield code="c">D.r. bates, b. bederson</subfield></datafield><datafield ind1=" " ind2=" " tag="260"><subfield code="a">New York</subfield><subfield code="b">Academic Press</subfield><subfield code="c">1979-1983</subfield></datafield><datafield ind1=" " ind2=" " tag="300"><subfield code="a">5 VOLUME</subfield></datafield><datafield ind1="1" ind2=" " tag="700"><subfield code="a">Bederson, B</subfield></datafield><datafield ind1=" " ind2=" " tag="787"><subfield code="a">Volume 15</subfield><subfield code="d">1979</subfield><subfield code="h">544p</subfield></datafield><datafield ind1="1" ind2=" " tag="787"><subfield code="a">Volume 19</subfield><subfield code="d">1983</subfield><subfield code="h">465p</subfield></datafield><datafield ind1=" " ind2=" " tag="852"><subfield code="a">22733</subfield><subfield code="c">539</subfield></datafield><datafield ind1=" " ind2=" " tag="CAT"><subfield code="a">Sys</subfield><subfield code="c">20111003</subfield><subfield code="h">132509</subfield></datafield></record></collection>